@article{Birnboim1979-jj,
    title = {{A rapid alkaline extraction procedure for screening recombinant plasmid {\{}DNA{\}}}},
    year = {1979},
    journal = {Nucleic Acids Res.},
    author = {Birnboim, H C and Doly, J},
    number = {6},
    month = {11},
    pages = {1513--1523},
    volume = {7}
}

@article{Sonntag,
    title = {{A viral assembly factor promotes AAV2 capsid formation in the nucleolus}},
    journal = {National Acad SciencesPaperpile},
    author = {Sonntag, F and {\ldots}, K Schmidt - Proceedings of the and 2010, undefined},
    url = {https://www.pnas.org/content/107/22/10220.short}
}

@article{Sonntag2010-er,
    title = {{A viral assembly factor promotes {\{}AAV2{\}} capsid formation in the nucleolus}},
    year = {2010},
    journal = {Proc. Natl. Acad. Sci. U. S. A.},
    author = {Sonntag, Florian and Schmidt, Kristin and Kleinschmidt, Jürgen A},
    number = {22},
    month = {6},
    pages = {10220--10225},
    volume = {107}
}

@article{Samulski2014,
    title = {{AAV-Mediated Gene Therapy for Research and Therapeutic Purposes}},
    year = {2014},
    journal = {Annual Review of Virology},
    author = {Samulski, R. Jude and Muzyczka, Nicholas},
    number = {1},
    month = {11},
    pages = {427--451},
    volume = {1},
    url = {http://www.annualreviews.org/doi/10.1146/annurev-virology-031413-085355},
    doi = {10.1146/annurev-virology-031413-085355},
    issn = {2327-056X}
}

@article{Hastie2015,
    title = {{Adeno-Associated Virus at 50: A Golden Anniversary of Discovery, Research, and Gene Therapy Success—A Personal Perspective}},
    year = {2015},
    journal = {Human Gene Therapy},
    author = {Hastie, Eric and Samulski, R. Jude},
    doi = {10.1089/hum.2015.025},
    issn = {1043-0342}
}

@misc{Wu2006,
    title = {{Adeno-associated Virus Serotypes: Vector Toolkit for Human Gene Therapy}},
    year = {2006},
    booktitle = {Molecular Therapy},
    author = {Wu, Zhijian and Asokan, Aravind and Samulski, R. Jude},
    doi = {10.1016/j.ymthe.2006.05.009},
    issn = {15250016},
    keywords = {adeno-associated virus, hybrid, serotype, tropism, vector}
}

@article{ATCHISON1965,
    title = {{ADENOVIRUS-ASSOCIATED DEFECTIVE VIRUS PARTICLES.}},
    year = {1965},
    journal = {Science (New York, N.Y.)},
    author = {ATCHISON, R W and CASTO, B C and HAMMON, W M},
    number = {3685},
    pages = {754--6},
    volume = {149},
    url = {http://science.sciencemag.org/content/149/3685/754.short http://www.ncbi.nlm.nih.gov/pubmed/14325163},
    issn = {0036-8075},
    pmid = {14325163}
}

@article{Summerford1999,
    title = {{AlphaVbeta5 integrin: a co-receptor for adeno-associated virus type 2 infection.}},
    year = {1999},
    journal = {Nature medicine},
    author = {Summerford, C and Bartlett, J S and Samulski, R J},
    number = {1},
    pages = {78--82},
    volume = {5},
    isbn = {1078-8956; 1078-8956},
    doi = {10.1038/4768},
    issn = {1078-8956},
    pmid = {9883843}
}

@article{Zincarelli,
    title = {{Analysis of AAV serotypes 1-9 mediated gene expression and tropism in mice after systemic injection}},
    year = {2008},
    journal = {Molecular Therapy},
    author = {Zincarelli, Carmela and Soltys, Stephen and Rengo, Giuseppe and Rabinowitz, Joseph E.},
    number = {6},
    pages = {1073--1080},
    volume = {16},
    url = {https://www.sciencedirect.com/science/article/pii/S1525001616317324},
    doi = {10.1038/mt.2008.76},
    issn = {15250024}
}

@article{Davidsson,
    title = {{Barcoded Rational AAV Vector Evolution Enables Systematic In Vivo Mapping of Peptide Binding Motifs}},
    year = {2018},
    journal = {bioarxiv},
    author = {Davidsson, Marcus and Wang, Gang and Aldrin-Kirk, Patrick and Cardoso, Tiago and Nolbrant, Sara and Hartnor, Morgan and Parmar, Malin and Bj{\"{o}}rklund, Tomas},
    url = {https://www.biorxiv.org/content/10.1101/335372v1.abstract https://www.ssrn.com/abstract=3245528},
    doi = {10.2139/ssrn.3245528},
    issn = {1556-5068}
}

@article{Gao2004-vo,
    title = {{Clades of Adeno-associated viruses are widely disseminated in human tissues}},
    year = {2004},
    journal = {J. Virol.},
    author = {Gao, Guangping and Vandenberghe, Luk H and Alvira, Mauricio R and Lu, You and Calcedo, Roberto and Zhou, Xiangyang and Wilson, James M},
    number = {12},
    month = {6},
    pages = {6381--6388},
    volume = {78}
}

@article{Kumar2016-xz,
    title = {{Clinical development of gene therapy: results and lessons from recent successes}},
    year = {2016},
    journal = {Mol Ther Methods Clin Dev},
    author = {Kumar, Sandeep Rp and Markusic, David M and Biswas, Moanaro and High, Katherine A and Herzog, Roland W},
    month = {5},
    pages = {16034},
    volume = {3}
}

@article{Rayaprolu2013,
    title = {{Comparative Analysis of Adeno Associated Virus Capsid Stability and Dynamics.}},
    year = {2013},
    journal = {Journal of virology},
    author = {Rayaprolu, Vamseedhar and Kruse, Shannon and Kant, Ravi and Venkatakrishnan, Balasubramanian and Movahed, Navid and Brooke, Dewey and Lins, Bridget and Bennett, Antonette and Potter, Timothy and McKenna, Robert and Agbandje-McKenna, Mavis and Bothner, Brian},
    number = {24},
    pages = {13150--13160},
    volume = {87},
    url = {http://www.ncbi.nlm.nih.gov/pubmed/24067976},
    doi = {10.1128/JVI.01415-13},
    issn = {1098-5514},
    pmid = {24067976}
}

@article{Adachi2014,
    title = {{Drawing a high-resolution functional map of adeno-associated virus capsid by massively parallel sequencing.}},
    year = {2014},
    journal = {Nature communications},
    author = {Adachi, Kei and Enoki, Tatsuji and Kawano, Yasuhiro and Veraz, Michael and Nakai, Hiroyuki},
    number = {June 2011},
    pages = {3075},
    volume = {5},
    publisher = {Nature Publishing Group},
    url = {http://dx.doi.org/10.1038/ncomms4075%5Cnhttp://www.pubmedcentral.nih.gov/articlerender.fcgi?artid=3941020&tool=pmcentrez&rendertype=abstract},
    doi = {10.1038/ncomms4075},
    issn = {2041-1723},
    pmid = {24435020}
}

@article{Grimm2015,
    title = {{E Pluribus Unum: 50 Years of Research, Millions of Viruses, and One Goal—Tailored Acceleration of AAV Evolution}},
    year = {2015},
    journal = {Molecular Therapy},
    author = {Grimm, Dirk and Zolotukhin, Sergei},
    number = {12},
    month = {12},
    pages = {1819--1831},
    volume = {23},
    url = {https://linkinghub.elsevier.com/retrieve/pii/S152500161630199X},
    doi = {10.1038/mt.2015.173},
    issn = {15250016}
}

@article{Russell2017,
    title = {{Efficacy and safety of voretigene neparvovec (AAV2-hRPE65v2) in patients with RPE65-mediated inherited retinal dystrophy: a randomised, controlled, open-label, phase 3 trial}},
    year = {2017},
    journal = {The Lancet},
    author = {Russell, Stephen and Bennett, Jean and Wellman, Jennifer A. and Chung, Daniel C. and Yu, Zi Fan and Tillman, Amy and Wittes, Janet and Pappas, Julie and Elci, Okan and McCague, Sarah and Cross, Dominique and Marshall, Kathleen A. and Walshire, Jean and Kehoe, Taylor L. and Reichert, Hannah and Davis, Maria and Raffini, Leslie and George, Lindsey A. and Hudson, F. Parker and Dingfield, Laura and Zhu, Xiaosong and Haller, Julia A. and Sohn, Elliott H. and Mahajan, Vinit B. and Pfeifer, Wanda and Weckmann, Michelle and Johnson, Chris and Gewaily, Dina and Drack, Arlene and Stone, Edwin and Wachtel, Katie and Simonelli, Francesca and Leroy, Bart P. and Wright, J. Fraser and High, Katherine A. and Maguire, Albert M.},
    doi = {10.1016/S0140-6736(17)31868-8},
    issn = {1474547X}
}

@article{Taylor2016,
    title = {{Engineering an allosteric transcription factor to respond to new ligands.}},
    year = {2016},
    journal = {Nature methods},
    author = {Taylor, Noah D. and Garruss, Alexander S. and Moretti, Rocco and Chan, Sum and Arbing, Mark and Cascio, Duilio and Rogers, Jameson K. and Isaacs, Farren J. and Kosuri, Sriram and Baker, David and Fields, Stanley and Church, George M. and Raman, Srivatsan},
    number = {december},
    pages = {1--11},
    volume = {In press},
    url = {http://dx.doi.org/10.1038/nmeth.3696},
    doi = {10.1038/nmeth.3696},
    issn = {1548-7091},
    pmid = {26689263}
}

@article{Lukashov2001-ly,
    title = {{Evolutionary relationships among parvoviruses: virus-host coevolution among autonomous primate parvoviruses and links between adeno-associated and avian parvoviruses}},
    year = {2001},
    journal = {J. Virol.},
    author = {Lukashov, V V and Goudsmit, J},
    number = {6},
    month = {3},
    pages = {2729--2740},
    volume = {75}
}

@article{Rincon2015,
    title = {{Gene therapy for cardiovascular disease: Advances in vector development, targeting, and delivery for clinical translation}},
    year = {2015},
    journal = {Cardiovascular Research},
    author = {Rincon, Melvin Y. and VandenDriessche, Thierry and Chuah, Marinee K.},
    number = {1},
    pages = {4--20},
    volume = {108},
    doi = {10.1093/cvr/cvv205},
    issn = {17553245},
    pmid = {26239654},
    keywords = {Adeno-associated viral vector, Adenylate cyclase, CRISPR, Cardiovascular disease, Clinical trials, Gene therapy, Heart failure, S100A1, SERCA2a, miRNA}
}

@book{Kaplitt2006-ii,
    title = {{Gene Therapy of the Central Nervous System: From Bench to Bedside}},
    year = {2006},
    author = {Kaplitt, Michael G and During, Matthew},
    publisher = {Gulf Professional Publishing}
}

@article{Qing1999,
    title = {{Human fibroblast growth factor receptor 1 is a co-receptor for infection by adeno-associated virus 2}},
    year = {1999},
    journal = {Nat Med},
    author = {Qing, K and Mah, C and Hansen, J and Zhou, S and Dwarki, V and Srivastava, A},
    number = {1},
    pages = {71--77},
    volume = {5},
    url = {http://www.ncbi.nlm.nih.gov/pubmed/9883842},
    isbn = {1078-8956 (Print){\textbackslash}r1078-8956 (Linking)},
    doi = {10.1038/4758},
    issn = {1078-8956},
    pmid = {9883842},
    keywords = {*Receptor Protein-Tyrosine Kinases, 3T3 Cells, Animals, DNA-Binding Proteins/metabolism, Dependovirus/metabolism/*physiology, Fibroblast Growth Factors/metabolism/pharmacology, HeLa Cells, Heparan Sulfate Proteoglycans/genetics/*metabolism, Humans, Mice, Phosphorylation, Receptor, Fibroblast Growth Factor, Type 1, Receptors, Fibroblast Growth Factor/genetics/*meta, Receptors, Virus/genetics/*metabolism, Ribonucleoproteins/metabolism, Transgenes, Tumor Cells, Cultured}
}

@article{Kern2003-eu,
    title = {{Identification of a heparin-binding motif on adeno-associated virus type 2 capsids}},
    year = {2003},
    journal = {J. Virol.},
    author = {Kern, A and Schmidt, K and Leder, C and M{\"{u}}ller, O J and Wobus, C E and Bettinger, K and der Lieth, C W and King, J A and Kleinschmidt, J A},
    number = {20},
    month = {10},
    pages = {11072--11081},
    volume = {77}
}

@article{Zinn2015-hn,
    title = {{In Silico Reconstruction of the Viral Evolutionary Lineage Yields a Potent Gene Therapy Vector}},
    year = {2015},
    journal = {Cell Rep.},
    author = {Zinn, Eric and Pacouret, Simon and Khaychuk, Vadim and Turunen, Heikki T and Carvalho, Livia S and Andres-Mateos, Eva and Shah, Samiksha and Shelke, Rajani and Maurer, Anna C and Plovie, Eva and Xiao, Ru and Vandenberghe, Luk H},
    number = {6},
    month = {8},
    pages = {1056--1068},
    volume = {12}
}

@article{Rabinowitz1999,
    title = {{Insertional mutagenesis of AAV2 capsid and the production of recombinant virus}},
    year = {1999},
    journal = {Virology},
    author = {Rabinowitz, Joseph E. and Xiao, Weidong and Samulski, R. Jude},
    doi = {10.1006/viro.1999.0045},
    issn = {00426822}
}

@article{Tseng2014,
    title = {{Mapping the AAV capsid host antibody response toward the development of second generation gene delivery vectors}},
    year = {2014},
    journal = {Frontiers in Immunology},
    author = {Tseng, Yu Shan and Agbandje-McKenna, Mavis},
    number = {JAN},
    volume = {5},
    isbn = {1664-3224},
    doi = {10.3389/fimmu.2014.00009},
    issn = {16643224},
    pmid = {24523720},
    keywords = {AAV capsid structure, AAV vectors, Antibody response, Antigenic epitopes, Parvoviruses}
}

@article{Starita2015,
    title = {{Massively parallel functional analysis of BRCA1 RING domain variants}},
    year = {2015},
    journal = {Genetics},
    author = {Starita, Lea M. and Young, David L. and Islam, Muhtadi and Kitzman, Jacob O. and Gullingsrud, Justin and Hause, Ronald J. and Fowler, Douglas M. and Parvin, Jeffrey D. and Shendure, Jay and Fields, Stanley},
    number = {2},
    pages = {413--422},
    volume = {200},
    isbn = {0016-6731},
    doi = {10.1534/genetics.115.175802},
    issn = {19432631},
    pmid = {25823446},
    keywords = {Brca1, Deep mutational scanning, Human genetic variation, Protein function, Variants of uncertain significance}
}

@article{Kitzman2015,
    title = {{Massively parallel single-amino-acid mutagenesis}},
    year = {2015},
    journal = {Nature Methods},
    author = {Kitzman, Jacob O and Starita, Lea M and Lo, Russell S and Fields, Stanley and Shendure, Jay},
    number = {3},
    pages = {203--206},
    volume = {12},
    url = {http://www.nature.com/doifinder/10.1038/nmeth.3223},
    doi = {10.1038/nmeth.3223},
    issn = {1548-7091},
    pmid = {25559584}
}

@article{Lochrie2006,
    title = {{Mutations on the External Surfaces of Adeno-Associated Virus Type 2 Capsids That Affect Transduction and Neutralization Mutations on the External Surfaces of Adeno-Associated Virus Type 2 Capsids That Affect Transduction and Neutralization}},
    year = {2006},
    journal = {Journal of virology},
    author = {Lochrie, Michael a and Tatsuno, Gwen P and Christie, Brian and Mcdonnell, Jennifer Wellman and Zhou, Shangzhen and Pierce, Glenn F and Colosi, Peter and Surosky, Richard},
    number = {2},
    pages = {821--834},
    volume = {80},
    doi = {10.1128/JVI.80.2.821},
    issn = {0022-538X},
    pmid = {16378984}
}

@article{Srivastava1983,
    title = {{Nucleotide sequence and organization of the adeno-associated virus 2 genome.}},
    year = {1983},
    journal = {Journal of virology},
    author = {Srivastava, A and Lusby, E W and Berns, K I},
    issn = {0022-538X},
    pmid = {6300419}
}

@article{Naumer2012,
    title = {{Properties of the Adeno-Associated Virus Assembly-Activating Protein}},
    year = {2012},
    author = {Naumer, Matthias and Sonntag, Florian and Schmidt, Kristin and Nieto, Karen and Panke, Christian and Davey, Norman E and Popa-wagner, Ruth},
    number = {23},
    pages = {13038--13048},
    volume = {86},
    doi = {10.1128/JVI.01675-12},
    issn = {0022-538X},
    pmid = {23015698}
}

@article{Hermens1999,
    title = {{Purification of recombinant adeno-associated virus by iodixanol gradient ultracentrifugation allows rapid and reproducible preparation of vector stocks for gene transfer in the nervous system.}},
    year = {1999},
    journal = {Human gene therapy},
    author = {Hermens, W T and ter Brake, O and Dijkhuizen, P a and Sonnemans, M a and Grimm, D and Kleinschmidt, J a and Verhaagen, J},
    number = {11},
    pages = {1885--1891},
    volume = {10},
    isbn = {1043-0342 (Print){\textbackslash}r1043-0342 (Linking)},
    doi = {10.1089/10430349950017563},
    issn = {1043-0342},
    pmid = {10446928}
}

@article{Buning2003,
    title = {{Receptor targeting of adeno-associated virus vectors.}},
    year = {2003},
    journal = {Gene therapy},
    author = {B{\"{u}}ning, H and Ried, M U and Perabo, L and Gerner, F M and Huttner, N a and Enssle, J and Hallek, M},
    number = {14},
    pages = {1142--51},
    volume = {10},
    url = {http://www.ncbi.nlm.nih.gov/pubmed/12833123},
    isbn = {0471434795},
    doi = {10.1038/sj.gt.3301976},
    issn = {0969-7128},
    pmid = {12833123},
    keywords = {Animals, Antibodies, Antibodies: genetics, Capsid Proteins, Capsid Proteins: genetics, Dependovirus, Dependovirus: genetics, Gene Targeting, Gene Targeting: methods, Genetic Engineering, Genetic Therapy, Genetic Therapy: methods, Genetic Vectors, Genetic Vectors: administration {\&} dosage, Genetic Vectors: genetics, Genome, Viral, Humans, Ligands, Receptors, Cell Surface, Receptors, Cell Surface: metabolism, Transduction, Genetic, Transduction, Genetic: methods}
}

@article{Burger,
    title = {{Recombinant AAV viral vectors pseudotyped with viral capsids from serotypes 1, 2, and 5 display differential efficiency and cell tropism after delivery to different regions of the central nervous system}},
    year = {2004},
    journal = {Molecular Therapy},
    author = {Burger, Corinna and Gorbatyuk, Oleg S. and Velardo, Margaret J. and Peden, Carmen S. and Williams, Philip and Zolotukhin, Sergei and Reier, Paul J. and Mandel, Ronald J. and Muzyczka, Nicholas},
    number = {2},
    pages = {302--317},
    volume = {10},
    url = {https://www.sciencedirect.com/science/article/pii/S1525001604001911},
    doi = {10.1016/j.ymthe.2004.05.024},
    issn = {15250016},
    keywords = {AAV, Brain, Capsid, Gene delivery, Nervous system, Retrograde transport, Serotype, Spinal cord, Stereology, Tropism}
}

@article{Zolotukhin1999-lu,
    title = {{Recombinant adeno-associated virus purification using novel methods improves infectious titer and yield}},
    year = {1999},
    journal = {Gene Ther.},
    author = {Zolotukhin, S and Byrne, B J and Mason, E and Zolotukhin, I and Potter, M and Chesnut, K and Summerford, C and Samulski, R J and Muzyczka, N},
    number = {6},
    month = {6},
    pages = {973--985},
    volume = {6}
}

@article{Tu2015,
    title = {{Role of capsid proteins in parvoviruses infection.}},
    year = {2015},
    journal = {Virology journal},
    author = {Tu, Mengyu and Liu, Fei and Chen, Shun and Wang, Mingshu and Cheng, Anchun},
    number = {1},
    pages = {114},
    volume = {12},
    publisher = {Virology Journal},
    url = {http://virologyj.biomedcentral.com/articles/10.1186/s12985-015-0344-y},
    isbn = {10.1186/s12985-015-0344-y},
    doi = {10.1186/s12985-015-0344-y},
    issn = {1743-422X},
    pmid = {26239432},
    keywords = {Virology}
}

@article{Maguire2008,
    title = {{Safety and efficacy of gene transfer for Leber's congenital amaurosis.}},
    year = {2008},
    journal = {The New England journal of medicine},
    author = {Maguire, Albert M and Simonelli, Francesca and Pierce, Eric A and Pugh, Edward N and Mingozzi, Federico and Bennicelli, Jeannette and Banfi, Sandro and Marshall, Kathleen A and Testa, Francesco and Surace, Enrico M and Rossi, Settimio and Lyubarsky, Arkady and Arruda, Valder R and Konkle, Barbara and Stone, Edwin and Sun, Junwei and Jacobs, Jonathan and Dell'Osso, Lou and Hertle, Richard and Ma, Jian-xing and Redmond, T Michael and Zhu, Xiaosong and Hauck, Bernd and Zelenaia, Olga and Shindler, Kenneth S and Maguire, Maureen G and Wright, J Fraser and Volpe, Nicholas J and McDonnell, Jennifer Wellman and Auricchio, Alberto and High, Katherine A and Bennett, Jean},
    number = {21},
    pages = {2240--8},
    volume = {358},
    url = {http://www.pubmedcentral.nih.gov/articlerender.fcgi?artid=2829748&tool=pmcentrez&rendertype=abstract},
    isbn = {1533-4406 (Electronic){\textbackslash}n0028-4793 (Linking)},
    doi = {10.1056/NEJMoa0802315},
    issn = {1533-4406},
    pmid = {18441370},
    keywords = {Adult, Blindness, Blindness: congenital, Blindness: genetics, Blindness: pathology, Blindness: therapy, Carrier Proteins, Carrier Proteins: genetics, DNA, Complementary, Dependovirus, Dependovirus: genetics, Eye Proteins, Eye Proteins: genetics, Gene Transfer Techniques, Genetic Therapy, Genetic Vectors, Humans, Injections, Mutation, Promoter Regions, Genetic, Reflex, Pupillary, Retina, Retina: pathology, Retinal Degeneration, Retinal Degeneration: congenital, Retinal Degeneration: genetics, Retinal Degeneration: pathology, Retinal Degeneration: therapy, Visual Acuity, cis-trans-Isomerases}
}

@article{Zhang2011,
    title = {{Several rAAV vectors efficiently cross the blood-brain barrier and transduce neurons and astrocytes in the neonatal mouse central nervous system.}},
    year = {2011},
    journal = {Molecular therapy : the journal of the American Society of Gene Therapy},
    author = {Zhang, Hongwei and Yang, Bin and Mu, Xin and Ahmed, Seemin Seher and Su, Qin and He, Ran and Wang, Hongyan and Mueller, Christian and Sena-Esteves, Miguel and Brown, Robert and Xu, Zuoshang and Gao, Guangping},
    number = {8},
    pages = {1440--8},
    volume = {19},
    publisher = {Nature Publishing Group},
    url = {http://dx.doi.org/10.1038/mt.2011.98},
    isbn = {1525-0024 (Electronic){\textbackslash}r1525-0016 (Linking)},
    doi = {10.1038/mt.2011.98},
    issn = {1525-0024},
    pmid = {21610699},
    keywords = {Animals, Animals, Newborn, Astrocytes, Astrocytes: metabolism, Astrocytes: virology, Blood-Brain Barrier, Blood-Brain Barrier: virology, Central Nervous System, Central Nervous System: virology, Dependovirus, Dependovirus: genetics, Dependovirus: metabolism, Gene Transfer Techniques, Genetic Therapy, Genetic Vectors, Genetic Vectors: metabolism, Mice, Mice, Inbred C57BL, Neurons, Neurons: metabolism, Neurons: virology}
}

@article{Wu2006b,
    title = {{Single Amino Acid Changes Can Influence Titer, Heparin Binding, and Tissue Tropism in Different Adeno-Associated Virus Serotypes}},
    year = {2006},
    journal = {Journal of Virology},
    author = {Wu, Z. and Asokan, A. and Grieger, J. C. and Govindasamy, L. and Agbandje-McKenna, M. and Samulski, R. J.},
    doi = {10.1128/JVI.01288-06},
    issn = {0022-538X}
}

@article{McCraw2012-fz,
    title = {{Structure of adeno-associated virus-2 in complex with neutralizing monoclonal antibody {\{}A20{\}}}},
    year = {2012},
    journal = {Virology},
    author = {McCraw, Dustin M and O'Donnell, Jason K and Taylor, Kenneth A and Stagg, Scott M and Chapman, Michael S},
    number = {1-2},
    month = {6},
    pages = {40--49},
    volume = {431}
}

@article{Wistuba1997-ei,
    title = {{Subcellular compartmentalization of adeno-associated virus type 2 assembly}},
    year = {1997},
    journal = {J. Virol.},
    author = {Wistuba, A and Kern, A and Weger, S and Grimm, D and Kleinschmidt, J A},
    number = {2},
    month = {2},
    pages = {1341--1352},
    volume = {71}
}

@article{Uhrig2012,
    title = {{Successful target cell transduction of capsid-engineered rAAV vectors requires clathrin-dependent endocytosis}},
    year = {2012},
    journal = {Gene Therapy},
    author = {Uhrig, S and Coutelle, O and Wiehe, T and Perabo, L and Hallek, M and Buning, H and B{\"{u}}ning, H},
    number = {2},
    pages = {210--218},
    volume = {19},
    isbn = {1476-5462 (Electronic){\textbackslash}n0969-7128 (Linking)},
    doi = {10.1038/gt.2011.78},
    issn = {0969-7128},
    pmid = {21654820},
    keywords = {Capsid Proteins, Clathrin, Dependovirus, Endocytosis, Genetic, Genetic Therapy, Genetic Vectors, HEK293 Cells, HeLa Cells, Hep G2 Cells, Heparan Sulfate Proteoglycans, Humans, Insertional, Mutagenesis, Mutation, Transduction, Virus Internalization, aav cell surface targeting, administration {\&} dosage, genetics, internalization pathway, intracellular fate, metabolism}
}

@article{Pereira1997,
    title = {{The adeno-associated virus (AAV) Rep protein acts as both a repressor and an activator to regulate AAV transcription during a productive infection.}},
    year = {1997},
    journal = {Journal of virology},
    author = {Pereira, D J and McCarty, D M and Muzyczka, N},
    issn = {0022-538X},
    pmid = {8995628}
}

@article{Sonntag2011-xv,
    title = {{The Assembly-Activating Protein Promotes Capsid Assembly of Different Adeno-Associated Virus Serotypes}},
    year = {2011},
    journal = {Journal of Virology},
    author = {Sonntag, F and K{\"{o}}ther, K and Schmidt, K and Weghofer, M and {others}},
    publisher = {Am Soc Microbiol}
}

@article{Xie2002-sa,
    title = {{The atomic structure of adeno-associated virus AAV-2, a vector for human gene therapy}},
    year = {2002},
    journal = {Proc. Natl. Acad. Sci. U. S. A.},
    author = {Xie, Qing and Bu, Weishu and Bhatia, Smita and Hare, Joan and Somasundaram, Thayumanasamy and Azzi, Arezki and Chapman, Michael S},
    number = {16},
    month = {8},
    pages = {10405--10410},
    volume = {99},
    publisher = {National Academy of Sciences}
}

@article{Girod2002,
    title = {{The VP1 capsid protein of adeno-associated virus type 2 is carrying a phospholipase A2 domain required for virus infectivity}},
    year = {2002},
    journal = {Journal of General Virology},
    author = {Girod, Anne and Wobus, Christiane E. and Z??dori, Zolt??n and Ried, Martin and Leike, Kristin and Tijssen, Peter and Kleinschmidt, J??rgen A. and Hallek, Michael},
    number = {5},
    pages = {973--978},
    volume = {83},
    isbn = {0022-1317},
    doi = {10.1099/0022-1317-83-5-973},
    issn = {00221317},
    pmid = {11961250}
}

@article{Cao2014-tr,
    title = {{The X gene of adeno-associated virus 2 (AAV2) is involved in viral {\{}DNA{\}} replication}},
    year = {2014},
    journal = {PLoS One},
    author = {Cao, Maohua and You, Hong and Hermonat, Paul L},
    number = {8},
    month = {8},
    pages = {e104596},
    volume = {9}
}

@article{Bennett2017-xu,
    title = {{Thermal Stability as a Determinant of {\{}AAV{\}} Serotype Identity}},
    year = {2017},
    journal = {Mol Ther Methods Clin Dev},
    author = {Bennett, Antonette and Patel, Saajan and Mietzsch, Mario and Jose, Ariana and Lins-Austin, Bridget and Yu, Jennifer C and Bothner, Brian and McKenna, Robert and Agbandje-McKenna, Mavis},
    month = {9},
    pages = {171--182},
    volume = {6},
    keywords = {AAV; AAV buffer formulations; AAV capsid stability}
}

@article{Limberis2009,
    title = {{Transduction efficiencies of novel AAV vectors in mouse airway epithelium in vivo and human ciliated airway epithelium in vitro.}},
    year = {2009},
    journal = {Molecular therapy : the journal of the American Society of Gene Therapy},
    author = {Limberis, Maria P and Vandenberghe, Luk H and Zhang, Liqun and Pickles, Raymond J and Wilson, James M},
    number = {2},
    pages = {294--301},
    volume = {17},
    isbn = {1525-0024 (Electronic)},
    doi = {10.1038/mt.2008.261},
    issn = {1525-0016},
    pmid = {19066597}
}

@article{Kotterman2015,
    title = {{Viral Vectors for Gene Therapy: Translational and Clinical Outlook}},
    year = {2015},
    journal = {Annual Review of Biomedical Engineering},
    author = {Kotterman, Melissa A. and Chalberg, Thomas W. and Schaffer, David V.},
    number = {1},
    month = {12},
    pages = {63--89},
    volume = {17},
    url = {http://www.annualreviews.org/doi/10.1146/annurev-bioeng-071813-104938},
    doi = {10.1146/annurev-bioeng-071813-104938},
    issn = {1523-9829}
}

@article{Calcedo2009,
    title = {{Worldwide epidemiology of neutralizing antibodies to adeno-associated viruses}},
    year = {2009},
    journal = {J Infect Dis},
    author = {Calcedo, R and Vandenberghe, L H and Gao, G and Lin, J and Wilson, J M},
    number = {3},
    pages = {381--390},
    volume = {199},
    url = {http://www.ncbi.nlm.nih.gov/pubmed/19133809},
    isbn = {0022-1899 (Print){\textbackslash}r0022-1899 (Linking)},
    doi = {10.1086/595830},
    issn = {0022-1899},
    pmid = {19133809},
    keywords = {Africa/epidemiology, Antibodies, Viral/*blood/immunology, Australia/epidemiology, Dependovirus/classification/genetics/*immunology, Europe/epidemiology, Humans, Parvoviridae Infections/*epidemiology/immunology, Phylogeny, Seroepidemiologic Studies, United States/epidemiology, World Health}
}

@article{Food2018-ep,
    title = {{{\{}FDA{\}} approves novel gene therapy to treat patients with a rare form of inherited vision loss. December 19, 2017}},
    year = {2018},
    journal = {Last accessed: January},
    author = {Food, U S and Administration, Drug and {Others}},
    volume = {22}
}

@article{Vozenilek2018AAV8-mediatedMice,
    title = {{AAV8-mediated overexpression of mPCSK9 in liver differs between male and female mice}},
    year = {2018},
    journal = {Atherosclerosis},
    author = {Vozenilek, Aimee E. and Blackburn, Cassidy M.R. and Schilke, Robert M. and Chandran, Sunitha and Castore, Reneau and Klein, Ronald L. and Woolard, Matthew D.},
    month = {11},
    pages = {66--72},
    volume = {278},
    url = {http://www.ncbi.nlm.nih.gov/pubmed/30253291 http://www.pubmedcentral.nih.gov/articlerender.fcgi?artid=PMC6263847 https://linkinghub.elsevier.com/retrieve/pii/S0021915018313662},
    doi = {10.1016/j.atherosclerosis.2018.09.005},
    issn = {00219150},
    pmid = {30253291},
    keywords = {AAV8, Atherosclerosis, Hypercholesterolemia, PCSK9}
}

@article{Wang2019Adeno-associatedDelivery,
    title = {{Adeno-associated virus vector as a platform for gene therapy delivery}},
    year = {2019},
    journal = {Nature Reviews Drug Discovery},
    author = {Wang, Dan and Tai, Phillip W. L. and Gao, Guangping},
    number = {5},
    month = {5},
    pages = {358--378},
    volume = {18},
    url = {http://www.ncbi.nlm.nih.gov/pubmed/30710128 http://www.nature.com/articles/s41573-019-0012-9},
    doi = {10.1038/s41573-019-0012-9},
    issn = {1474-1776},
    pmid = {30710128}
}

@article{Pillay2016AnInfection,
    title = {{An essential receptor for adeno-associated virus infection}},
    year = {2016},
    journal = {Nature},
    author = {Pillay, S. and Meyer, N. L. and Puschnik, A. S. and Davulcu, O. and Diep, J. and Ishikawa, Y. and Jae, L. T. and Wosen, J. E. and Nagamine, C. M. and Chapman, M. S. and Carette, J. E.},
    number = {7588},
    month = {2},
    pages = {108--112},
    volume = {530},
    url = {http://www.ncbi.nlm.nih.gov/pubmed/26814968 http://www.ncbi.nlm.nih.gov/pubmed/26814968 http://www.ncbi.nlm.nih.gov/pubmed/26814968},
    doi = {10.1038/nature16465},
    pmid = {26814968}
}

@article{Kelsic2019ChallengesTherapy,
    title = {{Challenges and opportunities of machine-guided capsid engineering for gene therapy}},
    year = {2019},
    journal = {Cell and Gene Therapy Insights},
    author = {Kelsic, Eric D and Church, George M},
    number = {4},
    month = {5},
    pages = {523--536},
    volume = {5},
    url = {https://insights.bio/cell-and-gene-therapy-insights/journal/articles/challenges-and-opportunities-of-machine-guided-capsid-engineering-for-gene-therapy/},
    doi = {10.18609/cgti.2019.058},
    issn = {20597800}
}

@article{Steel2008ComparisonModel,
    title = {{Comparison of the lateral tail vein and the retro-orbital venous sinus as routes of intravenous drug delivery in a transgenic mouse model}},
    year = {2008},
    journal = {Lab Animal},
    author = {Steel, Christina D. and Stephens, Amber L. and Hahto, Suzanne M. and Singletary, Sylvia J. and Ciavarra, Richard P.},
    number = {1},
    month = {1},
    pages = {26--32},
    volume = {37},
    url = {http://www.ncbi.nlm.nih.gov/pubmed/18094699 http://www.nature.com/articles/laban0108-26},
    doi = {10.1038/laban0108-26},
    issn = {0093-7355},
    pmid = {18094699}
}

@article{Trigg2017CrY2H-seq:Mapping,
    title = {{CrY2H-seq: a massively multiplexed assay for deep-coverage interactome mapping}},
    year = {2017},
    journal = {Nature Methods},
    author = {Trigg, Shelly A and Garza, Renee M and MacWilliams, Andrew and Nery, Joseph R and Bartlett, Anna and Castanon, Rosa and Goubil, Adeline and Feeney, Joseph and O'Malley, Ronan and Huang, Shao-shan C and Zhang, Zhuzhu Z and Galli, Mary and Ecker, Joseph R},
    number = {8},
    month = {8},
    pages = {819--825},
    volume = {14},
    url = {http://www.nature.com/articles/nmeth.4343},
    doi = {10.1038/nmeth.4343},
    issn = {1548-7091}
}

@article{Nonnenmacher2015HighEvolution,
    title = {{High Capsid–Genome Correlation Facilitates Creation of AAV Libraries for Directed Evolution}},
    year = {2015},
    journal = {Molecular Therapy},
    author = {Nonnenmacher, Mathieu and van Bakel, Harm and Hajjar, Roger J and Weber, Thomas},
    number = {4},
    month = {4},
    pages = {675--682},
    volume = {23},
    url = {http://www.ncbi.nlm.nih.gov/pubmed/25586687 http://www.pubmedcentral.nih.gov/articlerender.fcgi?artid=PMC4395795 https://linkinghub.elsevier.com/retrieve/pii/S1525001616300879},
    doi = {10.1038/mt.2015.3},
    issn = {15250016},
    pmid = {25586687}
}

@article{Opie2003IdentificationBinding.,
    title = {{Identification of amino acid residues in the capsid proteins of adeno-associated virus type 2 that contribute to heparan sulfate proteoglycan binding.}},
    year = {2003},
    journal = {Journal of virology},
    author = {Opie, Shaun R and Warrington, Kenneth H and Agbandje-McKenna, Mavis and Zolotukhin, Sergei and Muzyczka, Nicholas},
    number = {12},
    month = {6},
    pages = {6995--7006},
    volume = {77},
    publisher = {American Society for Microbiology Journals},
    url = {http://www.ncbi.nlm.nih.gov/pubmed/12768018 http://www.pubmedcentral.nih.gov/articlerender.fcgi?artid=PMC156206 http://www.ncbi.nlm.nih.gov/pubmed/12768018%0Ahttp://www.pubmedcentral.nih.gov/articlerender.fcgi?artid=PMC156206},
    doi = {10.1128/jvi.77.12.6995-7006.2003},
    issn = {0022-538X},
    pmid = {12768018}
}

@article{Johnson2010MutagenesisTransduction.,
    title = {{Mutagenesis of adeno-associated virus type 2 capsid protein VP1 uncovers new roles for basic amino acids in trafficking and cell-specific transduction.}},
    year = {2010},
    journal = {Journal of virology},
    author = {Johnson, Jarrod S and Li, Chengwen and DiPrimio, Nina and Weinberg, Marc S and McCown, Thomas J and Samulski, R Jude},
    number = {17},
    month = {9},
    pages = {8888--902},
    volume = {84},
    publisher = {American Society for Microbiology (ASM)},
    url = {http://www.ncbi.nlm.nih.gov/pubmed/20573820 http://www.pubmedcentral.nih.gov/articlerender.fcgi?artid=PMC2918992},
    doi = {10.1128/JVI.00687-10},
    issn = {1098-5514},
    pmid = {20573820}
}

@article{Wu2002MutationalTropism,
    title = {{Mutational Analysis of the Adeno-Associated Virus Type 2 (AAV2) Capsid Gene and Construction of AAV2 Vectors with Altered Tropism}},
    year = {2002},
    journal = {Journal of Virology},
    author = {Wu, P and Xiao, W and Conlon, T and Hughes, J and Agbandje-McKenna, M. and Ferkol, T and Flotte, T and Muzyczka, N},
    number = {18},
    month = {9},
    pages = {8635--8647},
    volume = {74},
    publisher = {American Society for Microbiology Journals},
    url = {http://www.ncbi.nlm.nih.gov/pubmed/9525651 http://www.pubmedcentral.nih.gov/articlerender.fcgi?artid=PMC109794 http://www.ncbi.nlm.nih.gov/pubmed/10954565 http://www.pubmedcentral.nih.gov/articlerender.fcgi?artid=PMC102071},
    doi = {10.1128/jvi.74.18.8635-8647.2000},
    issn = {0022-538X},
    pmid = {10954565}
}

@article{Wu2006SingleSerotypes,
    title = {{Single Amino Acid Changes Can Influence Titer, Heparin Binding, and Tissue Tropism in Different Adeno-Associated Virus Serotypes}},
    year = {2006},
    journal = {Journal of Virology},
    author = {Wu, Zhijian and Asokan, Aravind and Grieger, Joshua C. and Govindasamy, Lakshmanan and Agbandje-McKenna, Mavis and Samulski, R. Jude},
    number = {22},
    pages = {11393--11397},
    volume = {80},
    publisher = {American Society for Microbiology (ASM)},
    url = {https://www.ncbi.nlm.nih.gov/pmc/articles/PMC1642158/ http://jvi.asm.org/cgi/doi/10.1128/JVI.01288-06},
    doi = {10.1128/JVI.01288-06},
    issn = {0022-538X},
    pmid = {16943302}
}

@article{Punta2012TheDatabase.,
    title = {{The Pfam protein families database.}},
    year = {2012},
    journal = {Nucleic acids research},
    author = {Punta, Marco and Coggill, Penny C and Eberhardt, Ruth Y and Mistry, Jaina and Tate, John and Boursnell, Chris and Pang, Ningze and Forslund, Kristoffer and Ceric, Goran and Clements, Jody and Heger, Andreas and Holm, Liisa and Sonnhammer, Erik L L and Eddy, Sean R and Bateman, Alex and Finn, Robert D},
    number = {Database issue},
    month = {1},
    pages = {290--301},
    volume = {40},
    publisher = {Oxford University Press},
    url = {http://www.ncbi.nlm.nih.gov/pubmed/22127870 http://www.pubmedcentral.nih.gov/articlerender.fcgi?artid=PMC3245129},
    doi = {10.1093/nar/gkr1065},
    issn = {1362-4962},
    pmid = {22127870}
}

@article{Suzek2015UniRefSearches,
    title = {{UniRef clusters: a comprehensive and scalable alternative for improving sequence similarity searches}},
    year = {2015},
    journal = {Bioinformatics},
    author = {Suzek, B. E. and Wang, Y. and Huang, H. and McGarvey, P. B. and Wu, C. H.},
    number = {6},
    month = {3},
    pages = {926--932},
    volume = {31},
    publisher = {Narnia},
    url = {https://academic.oup.com/bioinformatics/article-lookup/doi/10.1093/bioinformatics/btu739},
    doi = {10.1093/bioinformatics/btu739},
    issn = {1367-4803}
}

@article{Marsic2014VectorVariants,
    title = {{Vector Design Tour de Force: Integrating Combinatorial and Rational Approaches to Derive Novel Adeno-associated Virus Variants}},
    year = {2014},
    journal = {Molecular Therapy},
    author = {Marsic, Damien and Govindasamy, Lakshmanan and Currlin, Seth and Markusic, David M and Tseng, Yu-Shan and Herzog, Roland W and Agbandje-McKenna, Mavis and Zolotukhin, Sergei},
    number = {11},
    month = {11},
    pages = {1900--1909},
    volume = {22},
    url = {http://www.ncbi.nlm.nih.gov/pubmed/25048217 http://www.pubmedcentral.nih.gov/articlerender.fcgi?artid=PMC4429732 https://linkinghub.elsevier.com/retrieve/pii/S1525001616302362},
    doi = {10.1038/mt.2014.139},
    issn = {15250016},
    pmid = {25048217}
}